@inproceedings{allombert2007system,
  title={A system of interactive scores based on Petri nets},
  author={Allombert, Antoine and Assayag, G{\'e}rard and Desainte-Catherine, Myriam and others},
  booktitle={Proc. of the 4th Sound and Music Conference},
  pages={158--165},
  year={2007}
}

@inproceedings{allombert2008iscore,
  title={Iscore: a system for writing interaction},
  author={Allombert, Antoine and Desainte-Catherine, Myriam and Assayag, G{\'e}rard},
  booktitle={Proceedings of the 3rd international conference on Digital Interactive Media in Entertainment and Arts},
  pages={360--367},
  year={2008},
  organization={ACM}
}

@inproceedings{allombert2010virage,
  title={VIRAGE: DESIGNING AN INTERACTIVE INTERMEDIA SEQUENCER FROM USERS REQUIREMENTS AND THEORETICAL BACKGROUND},
  author={Allombert, Antoine and Marczak, Raph{\"e}l and Desainte-Catherine, Myriam and Baltazar, Pascal and Garnier, Laurent and Yeti, Blue},
  booktitle={Proceedings of the International Computer Music Conference},
  year={2010}
}

@book{lynch1996distributed,
  title={Distributed algorithms},
  author={Lynch, Nancy A},
  year={1996},
  publisher={Morgan Kaufmann}
}

@article{arias2014modelling,
	author = {Arias, Jaime and Desainte-Catherine, Myriam and Rueda, Camilo},
	title = {Modelling Data Processing for Interactive Scores Using Coloured Petri Nets},
	journal = { },
	date = {submitted}
}

